<?xml version="1.0" encoding="UTF-8"?><record xmlns="http://www.loc.gov/MARC21/slim" xmlns:cinclude="http://apache.org/cocoon/include/1.0" xmlns:zs="http://www.loc.gov/zing/srw/">
  <leader>00549cz  a2200157n  4500</leader>
  <controlfield tag="001">n  80057710 </controlfield>
  <controlfield tag="003">DLC</controlfield>
  <controlfield tag="008">800723n| acannaabn          |a ana      </controlfield>
  <controlfield tag="005">19991105072816.0</controlfield>
  <datafield tag="010" ind1=" " ind2=" ">
    <subfield code="a">n  80057710 </subfield>
  </datafield>
  <datafield tag="035" ind1=" " ind2=" ">
    <subfield code="a">(OCoLC)oca00439437</subfield>
  </datafield>
  <datafield tag="040" ind1=" " ind2=" ">
    <subfield code="a">DLC</subfield>
    <subfield code="c">DLC</subfield>
    <subfield code="d">OCl</subfield>
  </datafield>
  <datafield tag="110" ind1="2" ind2=" ">
    <subfield code="a">Burda-Kochstudio</subfield>
  </datafield>
  <datafield tag="410" ind1="2" ind2=" ">
    <subfield code="a">Kulinarna studii︠a︡ firmy "Burda"</subfield>
  </datafield>
  <datafield tag="670" ind1=" " ind2=" ">
    <subfield code="a">Strohwitwer-Kochbuch, 1979 (a.e.)</subfield>
    <subfield code="b">verso t.p. (Burda-Kochstudio)</subfield>
  </datafield>
  <datafield tag="670" ind1=" " ind2=" ">
    <subfield code="a">Hotui︠e︡mo lehko i shvydko za dopomohoi︠u︡ mikrokhvylʹ, c1997:</subfield>
    <subfield code="b">colophon (Kulinarna studii︠a︡ firmy "Burda")</subfield>
  </datafield>
</record>